<record><leader>00000cas a2200000 a 4500</leader><controlfield tag="001">10202068</controlfield><controlfield tag="008">831208d18291830riucr ne      0   a0eng c</controlfield><datafield ind1=" " ind2=" " tag="010"><subfield code="a">sn 83021402 </subfield></datafield><datafield ind1=" " ind2=" " tag="040"><subfield code="a">NPX</subfield><subfield code="b">eng</subfield><subfield code="c">NPX</subfield><subfield code="d">DLC</subfield><subfield code="d">NPA</subfield><subfield code="d">DLC</subfield><subfield code="d">RHN</subfield><subfield code="d">KNP</subfield><subfield code="d">MGN</subfield><subfield code="d">RHN</subfield><subfield code="d">NVK</subfield><subfield code="d">OBN</subfield><subfield code="d">OCL</subfield><subfield code="d">CVF</subfield><subfield code="d">NYS</subfield><subfield code="d">DLC</subfield><subfield code="d">KRTAS</subfield><subfield code="d">CUI</subfield><subfield code="d">OCLCQ</subfield><subfield code="d">OCLCA</subfield><subfield code="d">OCLCF</subfield><subfield code="d">DLC</subfield></datafield><datafield ind1=" " ind2=" " tag="012"><subfield code="l">a</subfield></datafield><datafield ind1="0" ind2=" " tag="022"><subfield code="a">2574-3368</subfield><subfield code="2">1</subfield></datafield><datafield ind1=" " ind2=" " tag="042"><subfield code="a">pcc</subfield><subfield code="a">nsdp</subfield></datafield><datafield ind1=" " ind2=" " tag="043"><subfield code="a">n-us-ri</subfield></datafield><datafield ind1="0" ind2="0" tag="050"><subfield code="a">Newspaper</subfield></datafield><datafield ind1=" " ind2="4" tag="050"><subfield code="a">AN</subfield></datafield><datafield ind1="1" ind2="0" tag="082"><subfield code="a">070</subfield><subfield code="2">23</subfield></datafield><datafield ind1=" " ind2="0" tag="222"><subfield code="a">Rhode Island American, statesman and Providence gazette</subfield></datafield><datafield ind1="0" ind2="0" tag="245"><subfield code="a">Rhode Island American, statesman and Providence gazette.</subfield></datafield><datafield ind1="1" ind2="3" tag="246"><subfield code="a">American, statesman &amp; gazette</subfield></datafield><datafield ind1=" " ind2=" " tag="260"><subfield code="a">Providence [R.I.] :</subfield><subfield code="b">F.Y. Carlile and J.C. Parmenter,</subfield><subfield code="c">1829-1830.</subfield></datafield><datafield ind1=" " ind2=" " tag="300"><subfield code="a">v. ;</subfield><subfield code="c">53 cm.</subfield></datafield><datafield ind1=" " ind2=" " tag="310"><subfield code="a">Semiweekly</subfield></datafield><datafield ind1="0" ind2=" " tag="362"><subfield code="a">Vol. 67, no. 57 (July 21, 1829)-v. 67, no. 57 (July 28, 1829) ; v. 1, new ser., no. 3 (July 31, 1829)-v. 2, new ser., no. 49 (Dec. 31, 1830).</subfield></datafield><datafield ind1=" " ind2=" " tag="515"><subfield code="a">Issues for July 21-July 28, 1829 called also new ser., no. 1-no. 3.</subfield></datafield><datafield ind1=" " ind2=" " tag="530"><subfield code="a">Available on microfilm from the Library of Congress, Photoduplicaton Service, and Readex Microprint Corp. as part of the Early American newspapers series.</subfield></datafield><datafield ind1=" " ind2=" " tag="580"><subfield code="a">Weekly ed.: Microcosm (Providence, R.I.).</subfield></datafield><datafield ind1=" " ind2=" " tag="580"><subfield code="a">Daily eds.: Providence daily advertiser, 1829-1830, and: Daily advertiser (Providence, R.I.), 1830.</subfield></datafield><datafield ind1=" " ind2="0" tag="651"><subfield code="a">Providence (R.I.)</subfield><subfield code="v">Newspapers.</subfield></datafield><datafield ind1=" " ind2="0" tag="651"><subfield code="a">Providence County (R.I.)</subfield><subfield code="v">Newspapers.</subfield></datafield><datafield ind1=" " ind2="7" tag="651"><subfield code="a">Rhode Island</subfield><subfield code="z">Providence.</subfield><subfield code="2">fast</subfield><subfield code="0">(OCoLC)fst01204977</subfield></datafield><datafield ind1=" " ind2="7" tag="651"><subfield code="a">Rhode Island</subfield><subfield code="z">Providence County.</subfield><subfield code="2">fast</subfield><subfield code="0">(OCoLC)fst01211868</subfield></datafield><datafield ind1=" " ind2="7" tag="655"><subfield code="a">Newspapers.</subfield><subfield code="2">fast</subfield><subfield code="0">(OCoLC)fst01423814</subfield></datafield><datafield ind1=" " ind2=" " tag="752"><subfield code="a">United States</subfield><subfield code="b">Rhode Island</subfield><subfield code="c">Providence</subfield><subfield code="d">Providence.</subfield></datafield><datafield ind1="1" ind2=" " tag="775"><subfield code="t">Microcosm (Providence, R.I.)</subfield><subfield code="x">2574-6227</subfield><subfield code="w">(DLC)sn 83021488</subfield><subfield code="w">(OCoLC)10200734</subfield></datafield><datafield ind1="1" ind2=" " tag="775"><subfield code="t">Providence daily advertiser</subfield><subfield code="w">(DLC)sn 83021420</subfield><subfield code="w">(OCoLC)10201648</subfield></datafield><datafield ind1="1" ind2=" " tag="775"><subfield code="t">Daily advertiser (Providence, R.I.)</subfield><subfield code="w">(DLC)sn 83021421</subfield><subfield code="w">(OCoLC)10201177</subfield></datafield><datafield ind1="0" ind2="4" tag="780"><subfield code="t">Cadet and statesman</subfield><subfield code="w">(DLC)sn 83021390</subfield><subfield code="w">(OCoLC)10172199</subfield></datafield><datafield ind1="0" ind2="4" tag="780"><subfield code="t">Rhode-Island American and Providence gazette</subfield><subfield code="x">2574-3341</subfield><subfield code="w">(DLC)sn 83021385</subfield><subfield code="w">(OCoLC)10158734</subfield></datafield><datafield ind1="0" ind2="0" tag="785"><subfield code="t">Rhode Island American and gazette</subfield><subfield code="x">2574-3384</subfield><subfield code="w">(DLC)sn 83021403</subfield><subfield code="w">(OCoLC)10202168</subfield></datafield><datafield ind1=" " ind2=" " tag="938"><subfield code="a">Kirtas Technologies, Inc.</subfield><subfield code="b">KRTS</subfield><subfield code="n">737952</subfield></datafield><datafield ind1="1" ind2=" " tag="029"><subfield code="a">AU@</subfield><subfield code="b">000042141073</subfield></datafield></record>